%% This BibTeX bibliography file was created using BibDesk.
%% http://bibdesk.sourceforge.net/


%% Created for Ren√© Schwaiger at 2012-11-10 22:55:58 +0100 


%% Saved with string encoding Unicode (UTF-8) 



@electronic{Solutions_Exercise1_Hamboeck,
	Author = {Hamb{\"o}ck, Thomas},
	Date-Added = {2012-11-10 21:46:49 +0000},
	Date-Modified = {2012-11-10 21:55:58 +0000},
	Keywords = {Algorithmics, Planar Graphs, Euler's Formula},
	Month = {December},
	Title = {Solution to exercises 1},
	Url = {http://www.informatik-forum.at/showthread.php?89828-Erste-%DCbung&p=739281&viewfull=1#post739281},
	Year = {2011},
	Bdsk-Url-1 = {http://www.informatik-forum.at/showthread.php?89828-Erste-%DCbung&p=739281&viewfull=1#post739281}}
